% Encoding: UTF-8

@Article{Hall2012,
  author  = {J. W. Hall and R. J. Lempert and K. Keller and A. Hackbarth and C. Mijere and D. J. McInerney},
  title   = {Robust climate policies under uncertainty: {A} comparison of robust decision making and info‐gap methods},
  journal = {Risk Analysis},
  year    = {2012},
  volume  = {32},
  number  = {10},
  pages   = {1657--1672},
  month   = oct,
  doi     = {10.1111/j.1539-6924.2012.01802.x},
  groups  = {Comparisons},
}

@Article{Matrosov2013a,
  author  = {Matrosov, E. S. and Padula, S. and Harou, J. J.},
  title   = {Selecting portfolios of water supply and demand management strategies under uncertainty: {C}ontrasting economic optimisation and `robust decision making' approaches},
  journal = {Water Resources Management},
  year    = {2013},
  volume  = {27},
  number  = {4},
  pages   = {1123--1148},
  month   = mar,
  issn    = {1573-1650},
  doi     = {10.1007/s11269-012-0118-x},
  groups  = {Comparisons, RobustOptimization},
}

@Article{Matrosov2013b,
  author  = {E. S. Matrosov and A. M. Woods and J. J. Harou},
  title   = {Robust decision making and info-gap decision theory for water resource system planning},
  journal = {Journal of Hydrology},
  year    = {2013},
  volume  = {494},
  pages   = {43--58},
  month   = jun,
  issn    = {0022-1694},
  doi     = {10.1016/j.jhydrol.2013.03.006},
  groups  = {Comparisons},
}

@Article{Roach2015,
  author  = {T. Roach and Z. Kapelan and R. Ledbetter},
  title   = {Comparison of info-gap and robust optimisation methods for integrated water resource management under severe uncertainty},
  journal = {Procedia Engineering},
  year    = {2015},
  volume  = {119},
  pages   = {874--883},
  issn    = {1877-7058},
  doi     = {10.1016/j.proeng.2015.08.955},
  groups  = {Comparisons, RobustOptimization},
}

@Article{Gersonius2016,
  author  = {B. Gersonius and R. Ashley and A. Jeuken and A. Pathinara and C. Zevenbergen},
  title   = {Accounting for uncertainty and flexibility in flood risk management: {C}omparing real‐in‐options optimisation and adaptation tipping points},
  journal = {Journal of Flood Risk Management},
  year    = {2015},
  volume  = {8},
  number  = {2},
  pages   = {135--144},
  month   = jun,
  doi     = {10.1111/jfr3.12083},
  groups  = {Comparisons},
}

@Article{Kwakkel2016Compare,
  author  = {J. H. Kwakkel and M. Haasnoot and W. E. Walker},
  title   = {Comparing robust decision-making and dynamic adaptive policy pathways for model-based decision support under deep uncertainty},
  journal = {Environmental Modelling \& Software},
  year    = {2016},
  volume  = {86},
  pages   = {168--183},
  month   = dec,
  issn    = {1364-8152},
  doi     = {10.1016/j.envsoft.2016.09.017},
  groups  = {Comparisons},
}

@Article{Roach2016,
  author  = {T. Roach and Z. Kapelan and R. Ledbetter and M. Ledbetter},
  title   = {Comparison of robust optimization and info-gap methods for water resource management under deep uncertainty},
  journal = {Journal of Water Resources Planning and Management},
  year    = {2016},
  volume  = {142},
  number  = {9},
  pages   = {1--13},
  month   = sep,
  doi     = {10.1061/(ASCE)WR.1943-5452.0000660},
  groups  = {Comparisons},
}

@Article{Watson2017,
  author   = {A. A. Watson and J. R. Kasprzyk},
  title    = {Incorporating deeply uncertain factors into the many objective search process},
  journal  = {Environmental Modelling \& Software},
  year     = {2017},
  volume   = {89},
  pages    = {159--171},
  month    = mar,
  issn     = {1364-8152},
  doi      = {10.1016/j.envsoft.2016.12.001},
  groups   = {MORDM},
  keywords = {MORDM+},
}

@Article{Trindade2017,
  author  = {B. C. Trindade and P. M. Reed and J. D. Herman and H. B. Zeff and G. W. Characklis},
  title   = {Reducing regional drought vulnerabilities and multi-city robustness conflicts using many-objective optimization under deep uncertainty},
  journal = {Advances in Water Resources},
  year    = {2017},
  volume  = {104},
  pages   = {195--209},
  month   = jun,
  doi     = {10.1016/j.advwatres.2017.03.023},
  groups  = {MORDM},
}

@Article{Singh2015,
  author  = {Singh, R. and Reed, P. M. and Keller, K.},
  title   = {Many-objective robust decision making for managing an ecosystem with a deeply uncertain threshold response},
  journal = {Ecology and Society},
  year    = {2015},
  volume  = {20},
  number  = {3},
  month   = sep,
  doi     = {10.5751/ES-07687-200312},
  groups  = {MORDM},
}

@Article{Lempert2006,
  author  = {R. J. Lempert and D. G. Groves and S. W. Popper and S. C. Bankes},
  title   = {A general, analytic method for generating robust strategies and narrative scenarios},
  journal = {Management Science},
  year    = {2006},
  volume  = {52},
  number  = {4},
  pages   = {514--528},
  month   = apr,
  doi     = {10.1287/mnsc.1050.0472},
  groups  = {MORDM},
}

@Article{Kasprzyk2013,
  author  = {J. R. Kasprzyk and S. Nataraj and P. M. Reed and R. J. Lempert},
  title   = {Many objective robust decision making for complex environmental systems undergoing change},
  journal = {Environmental Modelling \& Software},
  year    = {2013},
  volume  = {42},
  pages   = {55--71},
  month   = apr,
  issn    = {1364-8152},
  doi     = {10.1016/j.envsoft.2012.12.007},
  groups  = {MORDM},
}

@Article{Herman2014,
  author  = {Herman, J. D. and Zeff, H. B. and Reed, P. M. and Characklis, G. W.},
  title   = {Beyond optimality: {M}ultistakeholder robustness tradeoffs for regional water portfolio planning under deep uncertainty},
  journal = {Water Resources Research},
  year    = {2014},
  volume  = {50},
  number  = {10},
  pages   = {7692--7713},
  month   = oct,
  issn    = {1944-7973},
  doi     = {10.1002/2014WR015338},
  groups  = {MORDM},
}

@Article{Hadka2015,
  author  = {D. Hadka and J. Herman and P. Reed and K. Keller},
  title   = {An open source framework for many-objective robust decision making},
  journal = {Environmental Modelling \& Software},
  year    = {2015},
  volume  = {74},
  pages   = {114--129},
  month   = dec,
  issn    = {1364-8152},
  doi     = {10.1016/j.envsoft.2015.07.014},
  groups  = {MORDM},
}

@Article{Beh2017,
  author   = {E. H. Y. Beh and F. Zheng and G. C. Dandy and H. R. Maier and Z. Kapelan},
  title    = {Robust optimization of water infrastructure planning under deep uncertainty using metamodels},
  journal  = {Environmental Modelling \& Software},
  year     = {2017},
  volume   = {93},
  pages    = {92--105},
  month    = jul,
  issn     = {1364-8152},
  doi      = {10.1016/j.envsoft.2017.03.013},
  groups   = {MORDM},
}

@Book{BenTal2009,
  title     = {Robust optimization},
  publisher = {Princeton University Press},
  year      = {2009},
  author    = {Ben-Tal, A. and El Ghaoui, L. and Nemirovski, A. S.},
  series    = {Princeton Series in Applied Mathematics},
  month     = oct,
  isbn      = {9781400831050},
  groups    = {RobustOptimization},
}

@InBook{Wiecek2016,
  chapter   = {4},
  pages     = {84--114},
  title     = {Robust multiobjective optimization for decision making under uncertainty and conflict},
  publisher = {{INFORMS}},
  year      = {2016},
  author    = {M. M. Wiecek and G. M. Dranichak},
  editor    = {A. Gupta and A. Capponi},
  series    = {Tutorials in Operations Research},
  month     = oct,
  isbn      = {978-0-9843378-9-7},
  booktitle = {Optimization Challenges in Complex, Networked and Risky Systems},
  doi       = {10.1287/educ.2016.0153},
  groups    = {RobustOptimization},
}

@Article{Wang2015,
  author  = {Wang, W. and Caro, S. and Bennis, F. and Soto, R. and Crawford, B.},
  title   = {Multi-objective robust optimization using a postoptimality sensitivity analysis technique: {A}pplication to a wind turbine design},
  journal = {Journal of Mechanical Design},
  year    = {2015},
  volume  = {137},
  number  = {1},
  pages   = {1--11},
  month   = jan,
  issn    = {1050-0472},
  doi     = {10.1115/1.4028755},
  groups  = {RobustOptimization},
}

@Article{TsutsuiGosh1997,
  author  = {S. Tsutsui and A. Ghosh},
  title   = {Genetic algorithms with a robust solution searching scheme},
  journal = {IEEE Transactions on Evolutionary Computation},
  year    = {1997},
  volume  = {1},
  number  = {3},
  pages   = {201--208},
  month   = sep,
  doi     = {10.1109/4235.661550},
  groups  = {RobustOptimization},
}

@InCollection{Parmee2002,
  author    = {Parmee, I. C. and Bonham, C. R.},
  title     = {Improving cluster oriented genetic algorithms for high-performance region identification},
  booktitle = {Optimization in Industry},
  publisher = {Springer London},
  year      = {2002},
  editor    = {Parmee, Ian C. and Hajela, Prabhat},
  pages     = {189--202},
  address   = {London},
  doi       = {10.1007/978-1-4471-0675-3_16},
  groups    = {RobustOptimization},
}

@Article{MortazaviNaeini2015,
  author  = {M. Mortazavi-Naeini and G. Kuczera and A. S. Kiem and L. Cui and B. Henley and B. Berghout and E. Turner},
  title   = {Robust optimization to secure urban bulk water supply against extreme drought and uncertain climate change},
  journal = {Environmental Modelling \& Software},
  year    = {2015},
  volume  = {69},
  pages   = {437--451},
  month   = jul,
  issn    = {1364-8152},
  doi     = {10.1016/j.envsoft.2015.02.021},
  groups  = {RobustOptimization},
}

@Article{Marler2004,
  author  = {Marler, R. T. and Arora, J. S.},
  title   = {Survey of multi-objective optimization methods for engineering},
  journal = {Structural and Multidisciplinary Optimization},
  year    = {2004},
  volume  = {26},
  number  = {6},
  pages   = {369--395},
  month   = apr,
  doi     = {10.1007/s00158-003-0368-6},
  groups  = {RobustOptimization},
}

@Article{Kwakkel2015,
  author  = {Kwakkel, J. H. and Haasnoot, M. and Walker, W. E.},
  title   = {Developing dynamic adaptive policy pathways: {A} computer-assisted approach for developing adaptive strategies for a deeply uncertain world},
  journal = {Climatic Change},
  year    = {2015},
  volume  = {132},
  number  = {3},
  pages   = {373--386},
  month   = oct,
  issn    = {1573-1480},
  doi     = {10.1007/s10584-014-1210-4},
  groups  = {RobustOptimization},
}

@Article{HamaratLoonen2014,
  author  = {C. Hamarat and J. H. Kwakkel and E. Pruyt and E. T. Loonen},
  title   = {An exploratory approach for adaptive policymaking by using multi-objective robust optimization},
  journal = {Simulation Modelling Practice and Theory},
  year    = {2014},
  volume  = {46},
  pages   = {25--39},
  month   = aug,
  note    = {Simulation-Optimization of Complex Systems: Methods and Applications},
  doi     = {10.1016/j.simpat.2014.02.008},
  groups  = {RobustOptimization},
}

@Article{Hamarat2013,
  author  = {C. Hamarat and J. H. Kwakkel and E. Pruyt},
  title   = {Adaptive robust design under deep uncertainty},
  journal = {Technological Forecasting and Social Change},
  year    = {2013},
  volume  = {80},
  number  = {3},
  pages   = {408--418},
  month   = mar,
  issn    = {0040-1625},
  doi     = {10.1016/j.techfore.2012.10.004},
  groups  = {RobustOptimization},
}

@Article{GasparCunha2008,
  author  = {A. Gaspar-Cunha and J. A. Covas},
  title   = {Robustness in multi-objective optimization using evolutionary algorithms},
  journal = {Computational Optimization and Applications},
  year    = {2008},
  volume  = {39},
  number  = {1},
  pages   = {75--96},
  month   = jan,
  issn    = {1573-2894},
  doi     = {10.1007/s10589-007-9053-9},
  groups  = {RobustOptimization},
}

@Article{Eichfelder2017,
  author  = {Eichfelder, G. and Krüger, C. and Schöbel, A.},
  title   = {Decision uncertainty in multiobjective optimization},
  journal = {Journal of Global Optimization},
  year    = {2017},
  volume  = {69},
  number  = {2},
  pages   = {485--510},
  month   = oct,
  issn    = {1573-2916},
  doi     = {10.1007/s10898-017-0518-9},
  groups  = {RobustOptimization},
}

@Article{Deb2006,
  author  = {Deb, K. and Gupta, H.},
  title   = {Introducing robustness in multi-objective optimization},
  journal = {Evolutionary Computation},
  year    = {2006},
  volume  = {14},
  number  = {4},
  pages   = {463--494},
  month   = dec,
  doi     = {10.1162/evco.2006.14.4.463},
  groups  = {RobustOptimization},
}

@InProceedings{Deb2005,
  author    = {Deb, K. and Gupta, H.},
  title     = {Searching for robust {P}areto-optimal solutions in multi-objective optimization},
  booktitle = {Evolutionary Multi-Criterion Optimization},
  year      = {2005},
  editor    = {{Coello Coello}, Carlos A. and Hernández Aguirre, Arturo and Zitzler, Eckart},
  volume    = {3410},
  series    = {Lecture Notes in Computer Science},
  pages     = {150--164},
  address   = {Berlin, Heidelberg},
  month     = mar,
  publisher = {Springer Berlin Heidelberg},
  doi       = {10.1007/978-3-540-31880-4_11},
  groups    = {RobustOptimization},
}

@Article{Coello2006,
  author  = {C. A. {Coello Coello}},
  title   = {Evolutionary multi-objective optimization: {A} historical view of the field},
  journal = {IEEE Computational Intelligence Magazine},
  year    = {2006},
  volume  = {1},
  number  = {1},
  pages   = {28--36},
  month   = feb,
  doi     = {10.1109/mci.2006.1597059},
  groups  = {RobustOptimization},
}

@InCollection{Branke1998,
  author    = {Branke, J.},
  title     = {Creating robust solutions by means of evolutionary algorithms},
  booktitle = {Parallel Problem Solving from Nature --- PPSN V},
  publisher = {Springer Berlin Heidelberg},
  year      = {1998},
  editor    = {Agoston E. Eiben and Thomas Bäck and Marc Schoenauer and Hans-Paul Schwefel},
  pages     = {119--128},
  address   = {Berlin, Heidelberg},
  doi       = {10.1007/bfb0056855},
  groups    = {RobustOptimization},
}

@Article{Kwakkel2017,
  author  = {J. H. Kwakkel},
  title   = {The {E}xploratory {M}odeling {W}orkbench: {A}n open source toolkit for exploratory modeling, scenario discovery, and (multi-objective) robust decision making},
  journal = {Environmental Modelling \& Software},
  year    = {2017},
  volume  = {96},
  pages   = {239--250},
  month   = oct,
  issn    = {1364-8152},
  doi     = {10.1016/j.envsoft.2017.06.054},
  groups  = {OtherMethods},
}

@Article{Brown2012,
  author  = {Brown, C. and Ghile, Y. and Laverty, M. and Li, K.},
  title   = {Decision scaling: {L}inking bottom-up vulnerability analysis with climate projections in the water sector},
  journal = {Water Resources Research},
  year    = {2012},
  volume  = {48},
  number  = {9},
  pages   = {1--12},
  doi     = {10.1029/2011WR011212},
  groups  = {OtherMethods},
}

@InBook{BenHaim2006,
  chapter   = {1},
  pages     = {1--8},
  title     = {Chapter 1: {O}verview},
  publisher = {Academic Press},
  year      = {2006},
  author    = {Y. Ben-Haim},
  editor    = {Ben-Haim, Y.},
  address   = {Oxford},
  edition   = {Second},
  isbn      = {9780123735522},
  booktitle = {Info-Gap Decision Theory (Second Edition)},
  doi       = {10.1016/B978-012373552-2/50002-3},
  groups    = {OtherMethods},
}

@Article{Alford2017,
  author  = {John Alford and Brian W. Head},
  title   = {Wicked and less wicked problems: {A} typology and a contingency framework},
  journal = {Policy and Society},
  year    = {2017},
  volume  = {36},
  number  = {3},
  pages   = {397--413},
  month   = aug,
  doi     = {10.1080/14494035.2017.1361634},
  groups  = {Wicked},
}

@Article{Bueren2003,
  author  = {van Bueren, E. M. and Klijn, E. H. and Koppenjan, J. F. M.},
  title   = {Dealing with wicked problems in networks: {A}nalyzing an environmental debate from a network perspective},
  journal = {Journal of Public Administration Research and Theory},
  year    = {2003},
  volume  = {13},
  number  = {2},
  pages   = {193--212},
  month   = apr,
  doi     = {10.1093/jpart/mug017},
  groups  = {Wicked},
}

@Book{Gladwell2006,
  title     = {The tipping point: {H}ow little things can make a big difference},
  publisher = {Little, Brown},
  year      = {2006},
  author    = {Gladwell, M.},
  groups    = {Wicked},
}

@Article{Kopp2016,
  author  = {Kopp, R. E. and Shwom, R. L. and Wagner, G. and Yuan, J.},
  title   = {Tipping elements and climate–economic shocks: {P}athways toward integrated assessment},
  journal = {Earth's Future},
  year    = {2016},
  volume  = {4},
  number  = {8},
  pages   = {346--372},
  month   = aug,
  issn    = {2328-4277},
  doi     = {10.1002/2016EF000362},
  groups  = {Wicked},
}

@InCollection{Lenton2013,
  author    = {Lenton, T.},
  title     = {Tipping elements from a global perspective},
  booktitle = {Addressing Tipping Points for a Precarious Future},
  publisher = {British Academy},
  year      = {2013},
  address   = {Oxford},
  doi       = {10.5871/bacad/9780197265536.003.0002},
  groups    = {Wicked},
}

@Article{Lenton2008,
  author  = {Lenton, T. M. and Held, H. and Kriegler, E. and Hall, J. W. and Lucht, W. and Rahmstorf, S. and Schellnhuber, H. J.},
  title   = {Tipping elements in the earth's climate system},
  journal = {Proceedings of the National Academy of Sciences},
  year    = {2008},
  volume  = {105},
  number  = {6},
  pages   = {1786--1793},
  month   = feb,
  issn    = {0027-8424},
  doi     = {10.1073/pnas.0705414105},
  groups  = {Wicked},
}

@Article{Rittel1973,
  author  = {Rittel, H. W. J. and Webber, M. M.},
  title   = {Dilemmas in a general theory of planning},
  journal = {Policy Sciences},
  year    = {1973},
  volume  = {4},
  number  = {2},
  pages   = {155--169},
  month   = jun,
  issn    = {1573-0891},
  doi     = {10.1007/bf01405730},
  groups  = {Wicked},
}

@Article{Weaver2013,
  author  = {Weaver, C. P. and Lempert, R. J. and Brown, C. and Hall, J. A. and Revell, D. and Sarewitz, D.},
  title   = {Improving the contribution of climate model information to decision making: the value and demands of robust decision frameworks},
  journal = {Wiley Interdisciplinary Reviews: Climate Change},
  year    = {2013},
  volume  = {4},
  number  = {1},
  pages   = {39--60},
  month   = jan,
  issn    = {1757-7799},
  doi     = {10.1002/wcc.202},
  groups  = {Uncertainty},
}

@Article{Popper2005,
  author  = {Popper, S. W. and Lempert, R. J. and Bankes, S. C.},
  title   = {Shaping the future},
  journal = {Scientific American},
  year    = {2005},
  volume  = {292},
  number  = {4},
  pages   = {66--71},
  month   = apr,
  issn    = {0036-8733},
  doi     = {10.1038/scientificamerican0405-66},
  groups  = {Uncertainty},
}

@Book{Lempert2003,
  title     = {Shaping the next one hundred years: {N}ew methods for quantitative, long-term policy analysis},
  publisher = {RAND Corporation},
  year      = {2003},
  author    = {R. J. Lempert and S. W. Popper and S. C. Bankes},
  edition   = {First},
  isbn      = {9780833032751},
  groups    = {Uncertainty},
  url       = {http://www.jstor.org/stable/10.7249/mr1626rpc},
}

@Article{Lempert2002,
  author  = {Lempert, R. J.},
  title   = {A new decision sciences for complex systems},
  journal = {Proceedings of the National Academy of Sciences},
  year    = {2002},
  volume  = {99},
  number  = {suppl 3},
  pages   = {7309--7313},
  month   = may,
  issn    = {0027-8424},
  doi     = {10.1073/pnas.082081699},
  groups  = {Uncertainty},
}

@Article{Kwakkel2016Wicked,
  author  = {J. H. Kwakkel and W. E. Walker and M. Haasnoot},
  title   = {Coping with the wickedness of public policy problems: {A}pproaches for decision making under deep uncertainty},
  journal = {Journal of Water Resources Planning and Management},
  year    = {2016},
  volume  = {142},
  number  = {3},
  pages   = {1--5},
  month   = mar,
  doi     = {10.1061/(ASCE)WR.1943-5452.0000626},
  groups  = {Uncertainty},
}

@Article{Dessai2009,
  author  = {Dessai, S. and Hulme, M. and Lempert, R. J. and Pielke, R.},
  title   = {Do we need better predictions to adapt to a changing climate?},
  journal = {Eos, Transactions American Geophysical Union},
  year    = {2009},
  volume  = {90},
  number  = {13},
  pages   = {111--112},
  month   = mar,
  issn    = {2324-9250},
  doi     = {10.1029/2009EO130003},
  groups  = {Uncertainty},
}

@Article{Bankes1993,
  author  = {S. C. Bankes},
  title   = {Exploratory modeling for molicy analysis},
  journal = {Operations Research},
  year    = {1993},
  volume  = {41},
  number  = {3},
  pages   = {435--449},
  month   = jun,
  doi     = {10.1287/opre.41.3.435},
  groups  = {Uncertainty},
}

@Article{Bankes2002,
  author  = {Bankes, S. C.},
  title   = {Tools and techniques for developing policies for complex and uncertain systems},
  journal = {Proceedings of the National Academy of Sciences},
  year    = {2002},
  volume  = {99},
  number  = {suppl 3},
  pages   = {7263--7266},
  month   = may,
  issn    = {0027-8424},
  doi     = {10.1073/pnas.092081399},
  groups  = {Uncertainty},
}

@TechReport{Lempert2008,
  author      = {Lempert, R. J. and Bryant, B. P. and Bankes, S. C.},
  title       = {Comparing algorithms for scenario discovery},
  institution = {RAND},
  year        = {2008},
  groups      = {Scenarios},
  url         = {https://www.rand.org/pubs/working_papers/WR557.html},
}

@Article{Lempert2013,
  author  = {Lempert, R. J.},
  title   = {Scenarios that illuminate vulnerabilities and robust responses},
  journal = {Climatic Change},
  year    = {2013},
  volume  = {117},
  number  = {4},
  pages   = {627--646},
  month   = apr,
  issn    = {1573-1480},
  doi     = {10.1007/s10584-012-0574-6},
  groups  = {Scenarios},
}

@Article{Friedman1999,
  author  = {Friedman, J. H. and Fisher, N. I.},
  title   = {Bump hunting in high-dimensional data},
  journal = {Statistics and Computing},
  year    = {1999},
  volume  = {9},
  number  = {2},
  pages   = {123--143},
  month   = apr,
  issn    = {1573-1375},
  doi     = {10.1023/A:1008894516817},
  groups  = {Scenarios},
}

@Article{Bryant2010,
  author  = {B. P. Bryant and R. J. Lempert},
  title   = {Thinking inside the box: {A} participatory, computer-assisted approach to scenario discovery},
  journal = {Technological Forecasting and Social Change},
  year    = {2010},
  volume  = {77},
  number  = {1},
  pages   = {34--49},
  month   = jan,
  issn    = {0040-1625},
  doi     = {10.1016/j.techfore.2009.08.002},
  groups  = {Scenarios},
}

@InBook{Pennings2006,
  chapter   = {4},
  pages     = {30--52},
  title     = {Meaning and use of the comparative method: {R}esearch design},
  publisher = {SAGE Publications Ltd},
  year      = {2006},
  author    = {P. Pennings and H. Keman and J. Kleinnijenhuis},
  address   = {London},
  edition   = {Second},
  booktitle = {Doing Research in Political Science},
  doi       = {10.4135/9781849209038.n4},
  groups    = {Approach},
}

@Article{Peffers2008,
  author  = {K. Peffers and T. Tuunanen and M. A. Rothenberger and S. Chatterjee},
  title   = {A design science research methodology for information systems research},
  journal = {Journal of Management Information Systems},
  year    = {2008},
  volume  = {24},
  number  = {3},
  pages   = {45--77},
  month   = dec,
  doi     = {10.2753/mis0742-1222240302},
  groups  = {Approach},
}

@Article{Hevner2004,
  author  = {A. R. Hevner and S. T. March and J. Park and S. Ram},
  title   = {Design science in information systems research},
  journal = {MIS quarterly},
  year    = {2004},
  volume  = {28},
  number  = {1},
  pages   = {75--105},
  month   = mar,
  issn    = {0276-7783},
  groups  = {Approach},
  url     = {https://misq.org/},
}

@Misc{GAR2015,
  author       = {{General Assembly Resolution 70/1}},
  title        = {Transforming our world: {T}he 2030 agenda for sustainable development},
  year         = {2015},
  note         = {21 October 2015},
  groups       = {Other},
  number       = {A/RES/70/1},
  organization = {{United Nations}},
  url          = {http://undocs.org/A/RES/70/1},
}

@TechReport{UnitedNations2015,
  author      = {{United Nations}},
  title       = {The {M}illennium {D}evelopment {G}oals {R}eport},
  institution = {United Nations},
  year        = {2015},
  address     = {New York},
  groups      = {Other},
  url         = {http://www.un.org/millenniumgoals/2015_MDG_Report/pdf/MDG%202015%20rev%20(July%201).pdf},
}

@Article{Walker2013,
  author  = {Walker, W. E. and Haasnoot, M. and Kwakkel, J. H.},
  title   = {Adapt or perish: {A} review of planning approaches for adaptation under deep uncertainty},
  journal = {Sustainability},
  year    = {2013},
  volume  = {5},
  number  = {3},
  pages   = {955--979},
  month   = mar,
  issn    = {2071-1050},
  doi     = {10.3390/su5030955},
  groups  = {GeneralReview},
}

@Article{Maier2016,
  author  = {H. R. Maier and J. H. A. Guillaume and H. van Delden and G. A. Riddell and M. Haasnoot and J. H. Kwakkel},
  title   = {An uncertain future, deep uncertainty, scenarios, robustness and adaptation: {H}ow do they fit together?},
  journal = {Environmental Modelling \& Software},
  year    = {2016},
  volume  = {81},
  pages   = {154--164},
  month   = jul,
  issn    = {1364-8152},
  doi     = {10.1016/j.envsoft.2016.03.014},
  groups  = {GeneralReview },
}

@Article{Dittrich2016,
  author  = {R. Dittrich and A. Wreford and D. Moran},
  title   = {A survey of decision-making approaches for climate change adaptation: {A}re robust methods the way forward?},
  journal = {Ecological Economics},
  year    = {2016},
  volume  = {122},
  pages   = {79--89},
  month   = feb,
  issn    = {0921-8009},
  doi     = {10.1016/j.ecolecon.2015.12.006},
  groups  = {GeneralReview },
}

@Article{Herman2015,
  author  = {J. D. Herman and P. M. Reed and H. B. Zeff and G. W. Characklis},
  title   = {How should robustness be defined for water systems planning under change?},
  journal = {Journal of Water Resources Planning and Management},
  year    = {2015},
  volume  = {141},
  number  = {10},
  pages   = {1--14},
  month   = oct,
  doi     = {10.1061/(ASCE)WR.1943-5452.0000509},
  groups  = {Robustness},
}

@InBook{Kwakkel2016Robust,
  chapter   = {10},
  pages     = {221--237},
  title     = {How robust is a robust policy? {C}omparing alternative robustness metrics for robust decision-making},
  publisher = {Springer International Publishing},
  year      = {2016},
  author    = {Kwakkel, J. H. and Eker, S. and Pruyt, E.},
  editor    = {Doumpos, Michael and Zopounidis, Constantin and Grigoroudis, Evangelos},
  volume    = {241},
  series    = {International Series in Operations Research \& Management Science},
  edition   = {First},
  isbn      = {978-3-319-33121-8},
  booktitle = {Robustness Analysis in Decision Aiding, Optimization, and Analytics},
  doi       = {10.1007/978-3-319-33121-8_10},
  groups    = {Robustness},
}

@Article{Lempert2007,
  author  = {Lempert, R. J. and Collins, M. T.},
  title   = {Managing the risk of uncertain threshold responses: {C}omparison of robust, optimum, and precautionary approaches},
  journal = {Risk Analysis},
  year    = {2007},
  volume  = {27},
  number  = {4},
  pages   = {1009--1026},
  month   = aug,
  issn    = {1539-6924},
  doi     = {10.1111/j.1539-6924.2007.00940.x},
  groups  = {Robustness},
}

@Article{McInerney2012,
  author  = {McInerney, D. and Lempert, R. J. and Keller, K.},
  title   = {What are robust strategies in the face of uncertain climate threshold responses?},
  journal = {Climatic Change},
  year    = {2012},
  volume  = {112},
  number  = {3},
  pages   = {547--568},
  month   = jun,
  issn    = {1573-1480},
  doi     = {10.1007/s10584-011-0377-1},
  groups  = {Robustness},
}

@Article{McPhail2018,
  author  = {McPhail, C. and Maier, H. R. and Kwakkel, J. H. and Giuliani, M. and Castelletti, A. and Westra, S.},
  title   = {Robustness metrics: {H}ow are they calculated, when should they be used and why do they give different results?},
  journal = {Earth's Future},
  year    = {2018},
  volume  = {6},
  number  = {2},
  pages   = {169--191},
  month   = feb,
  issn    = {2328-4277},
  doi     = {10.1002/2017EF000649},
  groups  = {Robustness},
}

@Article{Rosenhead1972,
  author  = {Rosenhead, J. and Elton, M. and Gupta, S. K.},
  title   = {Robustness and optimality as criteria for strategic decisions},
  journal = {Journal of the Operational Research Society},
  year    = {1972},
  volume  = {23},
  number  = {4},
  pages   = {413--431},
  month   = dec,
  issn    = {1476-9360},
  doi     = {10.1057/jors.1972.72},
  groups  = {Robustness},
}

@InBook{Sozuer2016,
  chapter   = {5},
  pages     = {89--112},
  title     = {The state of robust optimization},
  publisher = {Springer International Publishing},
  year      = {2016},
  author    = {Sözüer, S. and Thiele, A.},
  editor    = {Doumpos, Michael and Zopounidis, Constantin and Grigoroudis, Evangelos},
  volume    = {241},
  series    = {International Series in Operations Research \& Management Science},
  address   = {Cham, Switzerland},
  isbn      = {978-3-319-33121-8},
  booktitle = {Robustness Analysis in Decision Aiding, Optimization, and Analytics},
  doi       = {10.1007/978-3-319-33121-8_5},
}

@InBook{Yin2012,
  chapter   = {1},
  pages     = {3--20},
  title     = {A (very) brief refresher on the case study method},
  publisher = {SAGE Publications},
  year      = {2012},
  author    = {R. K. Yin},
  address   = {Thousand Oaks, CA},
  edition   = {Third},
  isbn      = {9781412989169},
  booktitle = {Applications of Case Study Research},
  groups    = {Approach},
  url       = {https://www.sagepub.com/sites/default/files/upm-binaries/41407_1.pdf},
}

@Article{Edwards1998,
  author  = {D. J. A. Edwards},
  title   = {Types of case study work: {A} conceptual framework for case-based research},
  journal = {Journal of Humanistic Psychology},
  year    = {1998},
  volume  = {38},
  number  = {3},
  pages   = {36--70},
  month   = jul,
  doi     = {10.1177/00221678980383003},
  groups  = {Approach},
}

@Article{Zainal2007,
  author  = {Zainal, Z.},
  title   = {Case study as a research method},
  journal = {Jurnal Kemanusiaan},
  year    = {2007},
  volume  = {5},
  number  = {1},
  pages   = {1--6},
  groups  = {Approach},
  url     = {https://jurnalkemanusiaan.utm.my/index.php/kemanusiaan/article/view/165},
}

@Article{Seawright2008,
  author  = {J. Seawright and J. Gerring},
  title   = {Case selection techniques in case study research: {A} menu of qualitative and quantitative options},
  journal = {Political Research Quarterly},
  year    = {2008},
  volume  = {61},
  number  = {2},
  pages   = {294--308},
  month   = feb,
  doi     = {10.1177/1065912907313077},
  groups  = {Approach},
}

@Inreference{def:uncertain,
  title     = {uncertain},
  year      = {2013},
  booktitle = {Cambridge Advanced Learner’s Dictionary \& Thesaurus},
  edition   = {Fourth},
  publisher = {Cambridge University Press},
  url       = {https://dictionary.cambridge.org/dictionary/english/uncertain},
}

@Article{Tannert892,
  author  = {Tannert, C. and Elvers, H. D. and Jandrig, B.},
  title   = {The ethics of uncertainty},
  journal = {EMBO reports},
  year    = {2007},
  volume  = {8},
  number  = {10},
  pages   = {892--896},
  month   = oct,
  issn    = {1469-221X},
  doi     = {10.1038/sj.embor.7401072},
  groups  = {Uncertainty},
}

@Book{Knight1921,
  title     = {Risk, uncertainty and profit},
  publisher = {Library of Economics and Liberty},
  year      = {1921},
  author    = {Knight, F. H.},
  added-at  = {2013-04-11T15:39:33.000+0200},
  biburl    = {https://www.bibsonomy.org/bibtex/2d38b30740cce608bf6ea1bf829e3ad7e/carl-boettiger},
  groups    = {Uncertainty},
  interhash = {e0b231cd0b09ea123d24e4f92e8ea47d},
  intrahash = {d38b30740cce608bf6ea1bf829e3ad7e},
  url       = {http://www.econlib.org/library/Knight/knRUP.html},
}

@Book{Quade1989,
  title     = {Analysis for public decisions},
  publisher = {MIT Press},
  year      = {1989},
  author    = {Quade, E. S. and Carter, G. M.},
}

@Article{Capano2017,
  author  = {Capano, G. and Woo, J. J.},
  title   = {Resilience and robustness in policy design: {A} critical appraisal},
  journal = {Policy Sciences},
  year    = {2017},
  volume  = {50},
  number  = {3},
  pages   = {399--426},
  month   = sep,
  issn    = {1573-0891},
  doi     = {10.1007/s11077-016-9273-x},
}

@Article{Durach2015,
  author  = {C. F. Durach and A. Wieland and J. A. D. Machuca},
  title   = {Antecedents and dimensions of supply chain robustness: {A} systematic literature review},
  journal = {International Journal of Physical Distribution \& Logistics Management},
  year    = {2015},
  volume  = {45},
  number  = {1/2},
  pages   = {118--137},
  doi     = {10.1108/IJPDLM-05-2013-0133},
  groups  = {Robustness },
}

@Article{DeGoede2013,
  author  = {D. M. de Goede and B. Gremmen and M. Blom-Zandstra},
  title   = {Robust agriculture: {B}alancing between vulnerability and stability},
  journal = {NJAS - Wageningen Journal of Life Sciences},
  year    = {2013},
  volume  = {64--65},
  pages   = {1--7},
  month   = sep,
  issn    = {1573-5214},
  doi     = {10.1016/j.njas.2012.03.001},
  groups  = {Robustness },
}

@InProceedings{Twomey2012,
  author    = {Twomey, P.},
  title     = {Resilience lessons for {A}ustralian climate change mitigation policy},
  booktitle = {35th Annual {IAEE} International Conference},
  year      = {2012},
  address   = {Perth, Western Australia},
  groups    = {Robustness},
  url       = {http://www.ceem.unsw.edu.au/staff/paul-twomey},
}

@InBook{Nair2014,
  chapter   = {2},
  pages     = {13--25},
  title     = {Organization of a research paper: {T}he {IMRAD} format},
  publisher = {Springer International Publishing},
  year      = {2014},
  author    = {Nair, P. K. R. and Nair, V. D.},
  address   = {Cham},
  booktitle = {Scientific Writing and Communication in Agriculture and Natural Resources},
  doi       = {10.1007/978-3-319-03101-9_2},
  groups    = {Approach},
}

@Article{Shirkhorshidi2015,
  author  = {A. S. Shirkhorshidi and S. R. Aghabozorgi and T. Y. Wah and A. R. Dalby},
  title   = {A comparison study on similarity and dissimilarity measures in clustering continuous data},
  journal = {{{PLoS One}}},
  year    = {2015},
  volume  = {10},
  number  = {12},
  pages   = {20},
  month   = dec,
  doi     = {10.1371/journal.pone.0144059},
  groups  = {Comparisons},
}

@Article{Buttigieg2014,
  author  = {Buttigieg, P. L. and Ramette, A.},
  title   = {A guide to statistical analysis in microbial ecology: {A} community-focused, living review of multivariate data analyses},
  journal = {{{FEMS}} Microbiology Ecology},
  year    = {2014},
  volume  = {90},
  number  = {3},
  pages   = {543--550},
  month   = dec,
  doi     = {10.1111/1574-6941.12437},
  groups  = {Comparisons},
}

@InCollection{Dorato1966,
  author    = {P. Dorato and R. F. Drenick},
  title     = {Optimality, insensitivity, and game theory},
  booktitle = {Sensitivity Methods in Control Theory},
  publisher = {Pergamon},
  year      = {1966},
  editor    = {Radanovic, L.},
  pages     = {78--102},
  isbn      = {978-1-4831-9822-4},
  doi       = {10.1016/B978-1-4831-9822-4.50009-1},
  groups    = {MORO},
}

@Article{Soyster1973,
  author  = {A. L. Soyster},
  title   = {Convex programming with set-inclusive constraints and applications to inexact linear programming},
  journal = {Operations Research},
  year    = {1973},
  volume  = {21},
  number  = {5},
  pages   = {1154--1157},
  month   = sep,
  doi     = {10.1287/opre.21.5.1154},
  groups  = {MORO},
}

@Article{Beyer2007,
  author   = {H. G. Beyer and B. Sendhoff},
  title    = {Robust optimization: {A} comprehensive survey},
  journal  = {Computer Methods in Applied Mechanics and Engineering},
  year     = {2007},
  volume   = {196},
  number   = {33},
  pages    = {3190--3218},
  month    = jul,
  doi      = {10.1016/j.cma.2007.03.003},
  groups   = {MORO},
  keywords = {Direct search methods, Evolutionary computation, Handling design uncertainties, Mathematical programming, Noisy optimization, Robust design, Robust optimization},
}

@InBook{Sniedovich2016,
  chapter   = {4},
  pages     = {59--87},
  title     = {From statistical decision theory to robust optimization: {A} maximin perspective on robust decision-making},
  publisher = {Springer International Publishing},
  year      = {2016},
  author    = {Sniedovich, M.},
  editor    = {Doumpos, Michael and Zopounidis, Constantin and Grigoroudis, Evangelos},
  volume    = {241},
  series    = {International Series in Operations Research \& Management Science},
  address   = {Cham, Swizerland},
  isbn      = {978-3-319-33121-8},
  booktitle = {Robustness Analysis in Decision Aiding, Optimization, and Analytics},
  doi       = {10.1007/978-3-319-33121-8_4},
  groups    = {Robustness},
}

@Article{Bertsimas2004,
  author  = {D. Bertsimas and M. Sim},
  title   = {The price of robustness},
  journal = {Operations Research},
  year    = {2004},
  volume  = {52},
  number  = {1},
  pages   = {35--53},
  month   = feb,
  doi     = {10.1287/opre.1030.0065},
  groups  = {Robustness},
}

@Book{Taleb2007,
  title     = {The black swan: {T}he impact of the highly improbable},
  publisher = {Random House Group},
  year      = {2007},
  author    = {Taleb, N. N.},
  edition   = {First},
  isbn      = {1400063515},
  groups    = {GeneralReview},
  url       = {https://citeseerx.ist.psu.edu/viewdoc/download?doi=10.1.1.695.4305&rep=rep1&type=pdf},
}

@Article{Giuliani2016,
  author  = {Giuliani, M. and Castelletti, A.},
  title   = {Is robustness really robust? {H}ow different definitions of robustness impact decision-making under climate change},
  journal = {Climatic Change},
  year    = {2016},
  volume  = {135},
  number  = {3},
  pages   = {409--424},
  month   = apr,
  issn    = {1573-1480},
  doi     = {10.1007/s10584-015-1586-9},
  groups  = {Robustness},
}

@Article{Tsoukias2008,
  author  = {A. Tsoukiàs},
  title   = {From decision theory to decision aiding methodology},
  journal = {European Journal of Operational Research},
  year    = {2008},
  volume  = {187},
  number  = {1},
  pages   = {138--161},
  month   = may,
  issn    = {0377-2217},
  doi     = {10.1016/j.ejor.2007.02.039},
  groups  = {Uncertainty},
}

@Article{Mckay1979,
  author   = {M. D. McKay and R. J. Beckman and W. J. Conover},
  title    = {A comparison of three methods for selecting values of input variables in the analysis of output from a computer code},
  journal  = {Technometrics},
  year     = {1979},
  volume   = {21},
  number   = {2},
  pages    = {239--245},
  month    = may,
  abstract = {Two types of sampling plans are examined as alternatives to simple random sampling in Monte Carlo studies. These plans are shown to be improvements over simple random sampling with respect to variance for a class of estimators which includes the sample mean and the empirical distribution function.},
  doi      = {10.2307/1268522},
  groups   = {MORDM},
}

@Article{Eker2018,
  author  = {S. Eker and J. H. Kwakkel},
  title   = {Including robustness considerations in the search phase of many-objective robust decision making},
  journal = {Environmental Modelling \& Software},
  year    = {2018},
  volume  = {105},
  pages   = {201--206},
  month   = jul,
  doi     = {10.1016/j.envsoft.2018.03.029},
  groups  = {MORDM},
}

@Article{Carlsen2016,
  author  = {H. Carlsen and R. J. Lempert and P. Wikman-Svahn and V. Schweizer},
  title   = {Choosing small sets of policy-relevant scenarios by combining vulnerability and diversity approaches},
  journal = {Environmental Modelling \& Software},
  year    = {2016},
  volume  = {84},
  pages   = {155--164},
  month   = oct,
  doi     = {10.1016/j.envsoft.2016.06.011},
  groups  = {MORDM},
}

@Article{Zhou2017,
  author  = {H. Zhou and Q. Zhou and C. Liu and T. Zhou},
  title   = {A kriging metamodel-assisted robust optimization method based on a reverse model},
  journal = {Engineering Optimization},
  year    = {2017},
  volume  = {50},
  number  = {2},
  pages   = {253--272},
  doi     = {10.1080/0305215X.2017.1307355},
  groups  = {MORO},
}

@Article{Jen2003,
  author  = {Jen, E.},
  title   = {Stable or robust? {W}hat's the difference?},
  journal = {Complexity},
  year    = {2003},
  volume  = {8},
  number  = {3},
  pages   = {12--18},
  month   = jan,
  doi     = {10.1002/cplx.10077},
  groups  = {Robustness},
}

@Article{Carpenter1999,
  author   = {S. R. Carpenter and D. Ludwig and W. A. Brock},
  title    = {Management of eutrophication for lakes subject to potentially irreversible change},
  journal  = {Ecological Applications},
  year     = {1999},
  volume   = {9},
  number   = {3},
  pages    = {751--771},
  abstract = {We analyzed management policies for ecosystems subject to alternate states, thresholds, and irreversible changes. We focused on the problem of lake eutrophication by excessive phosphorus (P) input. Eutrophic lakes may be classified, with respect to their response to reduced P input alone, as reversible (recovery is immediate and proportional to the reduction in P input), hysteretic (recovery requires extreme reductions in P input for a period of time), or irreversible (recovery cannot be accomplished by reducing P input alone). A model with one state variable and one control variable describes the responses of lake trophic state to changes in P input and other management interventions. Activities that generate P input to the lake are assumed to create profits, while the value of ecosystem services provided by the lake declines at high P levels. We then calculated P input policies that maximize the discounted net benefits from polluting activities and ecosystem services. If “optimality” is defined as maximizing this discounted criterion, then analyses based on deterministic lake dynamics usually lead to higher P input rates than analyses that assume various kinds of variability (e.g., inputs are affected by stochastic factors such as weather, policy is implemented with lags, or parameters of the limnological model are uncertain). In reality, all of these complications occur. Therefore, if maximum economic benefit is the goal of lake management, P input targets should be reduced below levels derived from traditional deterministic models. This pattern may apply to other situations where diffuse pollution causes nonlinear changes in ecosystem state, such as the greenhouse effect or acid deposition.},
  doi      = {10.1890/1051-0761(1999)009[0751:MOEFLS]2.0.CO;2},
  groups   = {Problem},
}

@Article{Ward2015,
  author  = {V. L. Ward and R. Singh and P. M. Reed and K. Keller},
  title   = {Confronting tipping points: {C}an multi-objective evolutionary algorithms discover pollution control tradeoffs given environmental thresholds?},
  journal = {Environmental Modelling \& Software},
  year    = {2015},
  volume  = {73},
  pages   = {27--43},
  month   = nov,
  doi     = {10.1016/j.envsoft.2015.07.020},
  groups  = {Problem},
}

@Article{Quinn2017,
  author  = {J. D. Quinn and P. M. Reed and K. Keller},
  title   = {Direct policy search for robust multi-objective management of deeply uncertain socio-ecological tipping points},
  journal = {Environmental Modelling \& Software},
  year    = {2017},
  volume  = {92},
  pages   = {125--141},
  month   = jun,
  doi     = {10.1016/j.envsoft.2017.02.017},
  groups  = {Problem},
}

@Article{Haasnoot2013,
  author  = {M. Haasnoot and J. H. Kwakkel and W. E. Walker and J. ter Maat},
  title   = {Dynamic adaptive policy pathways: {A} method for crafting robust decisions for a deeply uncertain world},
  journal = {Global Environmental Change},
  year    = {2013},
  volume  = {23},
  number  = {2},
  pages   = {485--498},
  month   = apr,
  doi     = {10.1016/j.gloenvcha.2012.12.006},
  groups  = {OtherMethods},
}

@Article{Reed2013,
  author  = {P. M. Reed and D. Hadka and J. D. Herman and J. R. Kasprzyk and J. B. Kollat},
  title   = {Evolutionary multiobjective optimization in water resources: {T}he past, present, and future},
  journal = {Advances in Water Resources},
  year    = {2013},
  volume  = {51},
  pages   = {438--456},
  month   = jan,
  doi     = {10.1016/j.advwatres.2012.01.005},
  groups  = {MOEA},
}

@Article{Maier2014,
  author  = {H. R. Maier and Z. Kapelan and J. Kasprzyk and J. Kollat and L. S. Matott and M. C. Cunha and G. C. Dandy and M. S. Gibbs and E. Keedwell and A. Marchi and A. Ostfeld and D. Savic and D. P. Solomatine and J. A. Vrugt and A. C. Zecchin and B. S. Minsker and E. J. Barbour and G. Kuczera and F. Pasha and A. Castelletti and M. Giuliani and P. M. Reed},
  title   = {Evolutionary algorithms and other metaheuristics in water resources: {C}urrent status, research challenges and future directions},
  journal = {Environmental Modelling \& Software},
  year    = {2014},
  volume  = {62},
  pages   = {271--299},
  month   = dec,
  doi     = {10.1016/j.envsoft.2014.09.013},
  groups  = {MOEA},
}

@Article{Deb2002,
  author  = {Deb, K. and Pratap, A. and Agarwal, S. and Meyarivan, T.},
  title   = {A fast and elitist multiobjective genetic algorithm: {NSGA-II}},
  journal = {IEEE Transactions on Evolutionary Computation},
  year    = {2002},
  volume  = {6},
  number  = {2},
  pages   = {182--197},
  month   = apr,
  doi     = {10.1109/4235.996017},
  groups  = {MOEA},
}

@Article{Zheng2016,
  author  = {F. Zheng and A. C. Zecchin and H. R. Maier and A. R. Simpson},
  title   = {Comparison of the searching behavior of {NSGA-II}, {SAMODE}, and {B}org {MOEAs} applied to water distribution system design problems},
  journal = {Journal of Water Resources Planning and Management},
  year    = {2016},
  volume  = {142},
  number  = {7},
  pages   = {1--16},
  month   = jul,
  doi     = {10.1061/(ASCE)WR.1943-5452.0000650},
  groups  = {MOEA},
}

@InProceedings{Horoba2008,
  author    = {Horoba, C. and Neumann, F.},
  title     = {Benefits and drawbacks for the use of epsilon-dominance in evolutionary multi-objective optimization},
  booktitle = {Proceedings of the 10th Annual Conference on Genetic and Evolutionary Computation},
  year      = {2008},
  editor    = {Maarten Keijzer},
  pages     = {641--648},
  month     = jul,
  publisher = {ACM},
  doi       = {10.1145/1389095.1389224},
  groups    = {MOEA},
}

@Article{HadkaReed2013,
  author  = {D. Hadka and P. Reed},
  title   = {Borg: {A}n auto-adaptive many-objective evolutionary computing framework},
  journal = {Evolutionary Computation},
  year    = {2013},
  volume  = {21},
  number  = {2},
  pages   = {231--259},
  month   = may,
  doi     = {10.1162/EVCO_a_00075},
}

@InProceedings{Vavak1996,
  author    = {F. Vavak and T. C. Fogarty},
  title     = {Comparison of steady state and generational genetic algorithms for use in nonstationary environments},
  booktitle = {Proceedings of IEEE International Conference on Evolutionary Computation},
  year      = {1996},
  pages     = {192--195},
  month     = may,
  doi       = {10.1109/ICEC.1996.542359},
  groups    = {MOEA},
}

@Misc{Woodruff2013,
  author       = {Woodruff, M. and Herman, J.},
  title        = {pareto.py: a $varepsilon-nondomination$ sorting routine},
  howpublished = {\url{https://github.com/matthewjwoodruff/pareto.py}},
  year         = {2013},
  groups       = {MOEA},
}

@Book{Starr1963,
  title     = {Product design and decision theory},
  publisher = {Prentice-Hall},
  year      = {1963},
  author    = {Starr, M. K.},
  groups    = {Robustness},
}

@Article{Mulvey1995,
  author  = {Mulvey, J. M. and Vanderbei, R. J. and Zenios, S. A.},
  title   = {Robust optimization of large-scale systems},
  journal = {Operations Research},
  year    = {1995},
  volume  = {43},
  number  = {2},
  pages   = {264--281},
  month   = apr,
  doi     = {10.1287/opre.43.2.264},
  groups  = {MORO},
}

@InBook{WalkerLempertKwakkel2013,
  pages     = {395--402},
  title     = {Deep uncertainty},
  publisher = {Springer US},
  year      = {2013},
  author    = {Walker, W. E. and Lempert, R. J. and Kwakkel, J. H.},
  editor    = {Gass, S. I. and Fu, M. C.},
  isbn      = {978-1-4419-1153-7},
  booktitle = {Encyclopedia of Operations Research and Management Science},
  doi       = {10.1007/978-1-4419-1153-7_1140},
}

@Article{Helton2006,
  author  = {J. C. Helton and J. D. Johnson and C. J. Sallaberry and C. B. Storlie},
  title   = {Survey of sampling-based methods for uncertainty and sensitivity analysis},
  journal = {Reliability Engineering \& System Safety},
  year    = {2006},
  volume  = {91},
  number  = {10},
  pages   = {1175--1209},
  month   = oct,
  doi     = {https://doi.org/10.1016/j.ress.2005.11.017},
  groups  = {Uncertainty},
}

@Article{Kwakkel2016SD,
  author   = {J. H. Kwakkel and M. Jaxa-Rozen},
  title    = {Improving scenario discovery for handling heterogeneous uncertainties and multinomial classified outcomes},
  journal  = {Environmental Modelling \& Software},
  year     = {2016},
  volume   = {79},
  pages    = {311--321},
  month    = may,
  doi      = {https://doi.org/10.1016/j.envsoft.2015.11.020},
  groups   = {ScenarioDiscovery},
  keywords = {Scenario discovery, Deep uncertainty, Robust decision making},
}

@InProceedings{Zavoianu2013,
  author    = {Zavoianu, A. C. and Lughofer, E. and Koppelst{\"a}tter, W. and Weidenholzer, G. and Amrhein, W. and Klement, E. P. a},
  title     = {On the performance of master-slave parallelization methods for multi-objective evolutionary algorithms},
  booktitle = {Artificial Intelligence and Soft Computing},
  year      = {2013},
  editor    = {Rutkowski, L. and Korytkowski, M. and Scherer, R. and Tadeusiewicz, R. and Zadeh, L. A. and Zurada, J. M.},
  pages     = {122--134},
  address   = {Berlin, Heidelberg},
  publisher = {Springer Berlin Heidelberg},
  doi       = {https://doi.org/10.1007/978-3-642-38610-7_12},
  groups    = {MOEA},
}

@InProceedings{Hadka2013,
  author    = {D. Hadka and K. Madduri and P. Reed},
  title     = {Scalability analysis of the asynchronous, master-slave {Borg} multiobjective evolutionary algorithm},
  booktitle = {2013 IEEE International Symposium on Parallel Distributed Processing, Workshops and Phd Forum},
  year      = {2013},
  pages     = {425--434},
  month     = may,
  doi       = {https://doi.org/10.1109/IPDPSW.2013.160},
  groups    = {MOEA},
}

@Article{Hadka2015Scale,
  author  = {D. Hadka and P. Reed},
  title   = {Large-scale parallelization of the {Borg} multiobjective evolutionary algorithm to enhance the management of complex environmental systems},
  journal = {Environmental Modelling \& Software},
  year    = {2015},
  volume  = {69},
  pages   = {353--369},
  month   = jul,
  doi     = {https://doi.org/10.1016/j.envsoft.2014.10.014},
  groups  = {MOEA},
}

@Comment{jabref-meta: databaseType:bibtex;}

@Comment{jabref-meta: grouping:
0 AllEntriesGroup:;
1 StaticGroup:Background\;0\;1\;\;\;\;;
2 StaticGroup:Approach\;0\;1\;\;\;\;;
2 StaticGroup:Other\;0\;1\;\;\;\;;
2 StaticGroup:Uncertainty\;0\;1\;\;\;\;;
2 StaticGroup:Wicked\;0\;1\;\;\;\;;
2 StaticGroup:GeneralReview\;0\;1\;\;\;\;;
1 StaticGroup:Comparisons\;0\;1\;\;\;\;;
1 StaticGroup:MORDM\;0\;1\;\;\;\;;
1 StaticGroup:MORO\;0\;1\;\;\;\;;
1 StaticGroup:OtherMethods\;0\;1\;\;\;\;;
1 StaticGroup:RobustOptimization\;0\;1\;0x0000ffff\;\;\;;
1 StaticGroup:Scenarios\;0\;1\;\;\;\;;
1 StaticGroup:Robustness\;0\;1\;\;\;\;;
1 StaticGroup:Problem\;0\;1\;\;\;\;;
1 StaticGroup:MOEA\;0\;1\;\;\;\;;
}
